<record><leader>00000cas a22000007a 4500</leader><controlfield tag="001">8820867</controlfield><controlfield tag="008">820930d18611891hiuwr ne      0    0haw  </controlfield><datafield ind1=" " ind2=" " tag="010"><subfield code="a">sn 82015417 </subfield></datafield><datafield ind1=" " ind2=" " tag="040"><subfield code="a">DLC</subfield><subfield code="b">eng</subfield><subfield code="c">DLC</subfield><subfield code="d">NPX</subfield><subfield code="d">DLC</subfield><subfield code="d">HWN</subfield><subfield code="d">DLC</subfield><subfield code="d">YOX</subfield><subfield code="d">CNK</subfield><subfield code="d">MGN</subfield><subfield code="d">OCL</subfield><subfield code="d">KRTAS</subfield><subfield code="d">DLC</subfield><subfield code="d">UKMGB</subfield><subfield code="d">OCLCO</subfield><subfield code="d">OCLCF</subfield><subfield code="d">OCLCQ</subfield><subfield code="d">OCLCA</subfield><subfield code="d">AQM</subfield></datafield><datafield ind1="7" ind2=" " tag="016"><subfield code="a">013938518</subfield><subfield code="2">Uk</subfield></datafield><datafield ind1=" " ind2=" " tag="019"><subfield code="a">851929462</subfield></datafield><datafield ind1="1" ind2=" " tag="029"><subfield code="a">AU@</subfield><subfield code="b">000025830703</subfield></datafield><datafield ind1="0" ind2=" " tag="041"><subfield code="a">eng</subfield><subfield code="a">haw</subfield></datafield><datafield ind1=" " ind2=" " tag="042"><subfield code="a">msc</subfield></datafield><datafield ind1=" " ind2=" " tag="043"><subfield code="a">n-us-hi</subfield></datafield><datafield ind1="0" ind2="0" tag="050"><subfield code="a">Newspaper 7541-X</subfield></datafield><datafield ind1="0" ind2=" " tag="130"><subfield code="a">Nupepa kuokoa (Honolulu, Hawaii : 1861)</subfield></datafield><datafield ind1="1" ind2="3" tag="245"><subfield code="a">Ka Nupepa kuokoa.</subfield></datafield><datafield ind1="0" ind2="1" tag="246"><subfield code="a">Independent press</subfield></datafield><datafield ind1="1" ind2="7" tag="246"><subfield code="a">Nupepa kuokoa me Ke au okoa i huiia</subfield><subfield code="f">Apr. 12, 1873-1883</subfield></datafield><datafield ind1=" " ind2=" " tag="260"><subfield code="a">Honolulu [Oahu, Hawaii] :</subfield><subfield code="b">H.M. Whitney,</subfield><subfield code="c">1861-1891.</subfield></datafield><datafield ind1=" " ind2=" " tag="300"><subfield code="a">30 volumes :</subfield><subfield code="b">illustrations ;</subfield><subfield code="c">68 cm</subfield></datafield><datafield ind1=" " ind2=" " tag="310"><subfield code="a">Weekly,</subfield><subfield code="b">Jan. 11, 1862-1891</subfield></datafield><datafield ind1=" " ind2=" " tag="321"><subfield code="a">Irregular,</subfield><subfield code="b">1861-Jan. 1, 1862</subfield></datafield><datafield ind1=" " ind2=" " tag="336"><subfield code="a">text</subfield><subfield code="b">txt</subfield><subfield code="2">rdacontent</subfield></datafield><datafield ind1=" " ind2=" " tag="337"><subfield code="a">unmediated</subfield><subfield code="b">n</subfield><subfield code="2">rdamedia</subfield></datafield><datafield ind1=" " ind2=" " tag="338"><subfield code="a">volume</subfield><subfield code="b">nc</subfield><subfield code="2">rdacarrier</subfield></datafield><datafield ind1="0" ind2=" " tag="362"><subfield code="a">Buke 1, helu 1 (Okatoba 1861)-buke 30, helu 13 (Maraki 28, 1891).</subfield></datafield><datafield ind1=" " ind2=" " tag="500"><subfield code="a">Parallel title: Independent press, &lt;1875&gt;.</subfield></datafield><datafield ind1=" " ind2=" " tag="500"><subfield code="a">Publishers: L.H. Gulick, &lt;1865&gt;; S. Kaaikaula, &lt;1875&gt;.</subfield></datafield><datafield ind1=" " ind2=" " tag="500"><subfield code="a">Index: Nupepa ko&#699;oko&#699;a: chronicle of entries, Oct. 1861-Sept. 1862 (Honolulu : Topgallant Pub. Co., 1975).</subfield></datafield><datafield ind1=" " ind2=" " tag="500"><subfield code="a">Editors: 1861-1865, L.H. Gulick; 1866-1927, many editors.</subfield></datafield><datafield ind1=" " ind2=" " tag="546"><subfield code="a">In Hawaiian and English.</subfield></datafield><datafield ind1=" " ind2="0" tag="651"><subfield code="a">Honolulu (Hawaii)</subfield><subfield code="v">Newspapers.</subfield></datafield><datafield ind1=" " ind2="7" tag="651"><subfield code="a">Hawaii</subfield><subfield code="z">Honolulu.</subfield><subfield code="2">fast</subfield><subfield code="0">(OCoLC)fst01204916</subfield></datafield><datafield ind1=" " ind2="7" tag="655"><subfield code="a">Newspapers.</subfield><subfield code="2">fast</subfield><subfield code="0">(OCoLC)fst01423814</subfield></datafield><datafield ind1=" " ind2="7" tag="655"><subfield code="a">Newspapers.</subfield><subfield code="2">rbgenr</subfield></datafield><datafield ind1="1" ind2=" " tag="700"><subfield code="a">Gulick, L. H.</subfield><subfield code="q">(Luther Halsey),</subfield><subfield code="d">1828-1891.</subfield></datafield><datafield ind1=" " ind2=" " tag="752"><subfield code="a">United States</subfield><subfield code="b">Hawaii</subfield><subfield code="c">Honolulu</subfield><subfield code="d">Honolulu.</subfield></datafield><datafield ind1="0" ind2="5" tag="780"><subfield code="t">Au okoa</subfield><subfield code="g">1873</subfield><subfield code="w">(DLC)sn 84023732</subfield><subfield code="w">(OCoLC)10970868</subfield></datafield><datafield ind1="0" ind2="5" tag="780"><subfield code="t">Lahui Hawaii (Honolulu, Hawaii : 1875)</subfield><subfield code="g">Jan. 1888</subfield><subfield code="w">(DLC)sn 85047082</subfield><subfield code="w">(OCoLC)11998298</subfield></datafield><datafield ind1="0" ind2="7" tag="785"><subfield code="t">Ko Hawaii pae aina</subfield><subfield code="w">(DLC)sn 84020704</subfield><subfield code="w">(OCoLC)11401346</subfield></datafield><datafield ind1="0" ind2="7" tag="785"><subfield code="t">Nupepa kuokoa me Ko Hawaii paeaina i huiia</subfield><subfield code="w">(DLC)sn 85047052</subfield></datafield><datafield ind1=" " ind2=" " tag="938"><subfield code="a">Kirtas Technologies, Inc.</subfield><subfield code="b">KRTS</subfield><subfield code="n">736110</subfield></datafield></record>